% Encoding: UTF-8

@Online{getcameras2024,
  author    = {get cameras inc},
  title     = {Hoe computer vision gebruiken in magazijn- en logistieke automatisering},
  date      = {2024-10-15},
  url       = {https://www.vision-camera.nl/Hoe-computer-vision-gebruiken-in-magazijn-logistieke-automatisering},
}

@Online{MDPI2024,
  author    = {Tejas Borkar, Lina Karam},
  title     = {DeepCorrect: Correcting DNN Models against Image Distortions},
  date      = {2024-03-10},
  url       = {https://ar5iv.labs.arxiv.org/html/1705.02406},
}

// error "too many commas's" ??
// , Abdul Jabbar Siddiqui Saeed Anwar Aiman El-Maleh, Ayaz H. Khan, Aqsa Rehman
@Online{DeepCorrect2024,
  author    = {Adnan Munir},
  title     = {Impact of Adverse Weather and Image Distortions on Vision-Based UAV Detection: A Performance Evaluation of Deep Learning Models},
  date      = {2024-10-09},
  url       = {https://www.mdpi.com/2504-446X/8/11/638},
}

@Online{AdaptLearn2024,
  author    = {Lijun Zhang, Shiyin Lu, Zhi-Hua Zhou},
  title     = {Adaptive Online Learning in Dynamic Environments},
  date      = {2024-03-17},
  url       = {https://ar5iv.labs.arxiv.org/html/1810.10815},
}

//, Zainab Fatima, Shehnila Zardari, David Guerra-Zubiaga
@Online{Cornell2015,
  author    = {Ardy Wibowo Haryanto, Adhi Kusnadi, Yustinus Eko Soelistio},
  title     = {Warehouse Layout Method Based on Ant Colony and Backtracking Algorithm},
  date      = {2015-08-20},
  url       = {https://arxiv.org/abs/1508.04872},
}

@Online{Cornell2023,
  author    = {A. V. Razumovsky, M. V. Saramud, S. B. Tkachev, N. V. Shtabel},
  title     = {Algorithms for synthesis of three-dimensional warehouse systems configurations optimal in terms of minimum cost and maximum speed},
  date      = {2023-08-09},
  url       = {https://arxiv.org/abs/2401.03351},
}



@Online{FreightSnap2019,
  author    = {FreightSnap},
  title     = {Automated Dimensioning â€“ The Key to Efficient Warehouse Management?},
  date      = {2019-30-01},
  url       = {https://freightsnap.com/automated-dimensioning-the-key-to-efficient-warehouse-management},
}

@Online{BIZERBA2024,
  author    = {BIZERBA},
  title     = {De rol van DWS-systemen in logistiek},
  date      = {2024},
  url       = {https://www.bizerba.com/nl/nl/producten/logistieke-systemen/dimensioneringssystemen},
}

@Comment{jabref-meta: databaseType:biblatex;}
